<?xml version="1.0" encoding="UTF-8"?><collection><record><leader>02775ntm a2200469 a 4500</leader><controlfield tag="001">002601802</controlfield><controlfield tag="003">MiAaHDL</controlfield><controlfield tag="005">20190719000000.0</controlfield><controlfield tag="006">m        d        </controlfield><controlfield tag="007">cr bn ---auaua</controlfield><controlfield tag="008">930310q17211723xx            00||  ara d</controlfield><datafield tag="035" ind1=" " ind2=" "><subfield code="a">(MiU)002601802</subfield></datafield><datafield tag="035" ind1=" " ind2=" "><subfield code="a">sdr-miu002601802</subfield></datafield><datafield tag="035" ind1=" " ind2=" "><subfield code="a">(OCoLC)34365881</subfield></datafield><datafield tag="035" ind1=" " ind2=" "><subfield code="a">(RLIN)MIUH93-A42</subfield></datafield><datafield tag="040" ind1=" " ind2=" "><subfield code="a">MiU</subfield><subfield code="c">MiU</subfield><subfield code="e">appm</subfield><subfield code="d">MiU</subfield></datafield><datafield tag="240" ind1="0" ind2="0"><subfield code="6">880-01</subfield><subfield code="a">Risālah mushtamilah ʻalá qawāʻid ḥisābīyah wa-aʻmāl handasīyah fī al-ʻamal bi-rubʻ al-juyūb</subfield></datafield><datafield tag="245" ind1="0" ind2="0"><subfield code="6">880-02</subfield><subfield code="a">Risālah fī al-ʻamal bi-al-rubʻ al-mujayyab jalīlat al-qadar :</subfield><subfield code="k">manuscript,</subfield><subfield code="f">[between 1721 and 1723?].</subfield></datafield><datafield tag="300" ind1=" " ind2=" "><subfield code="a">1</subfield><subfield code="f">v. ([56] p.) :</subfield><subfield code="b">ill. ;</subfield><subfield code="c">23 cm.</subfield></datafield><datafield tag="500" ind1=" " ind2=" "><subfield code="a">Watermark: Three crescents. See Edward Heawood, Watermarks, Mainly of the 17th and 18th Centuries (Hilversum, 1950), p. 24.</subfield></datafield><datafield tag="500" ind1=" " ind2=" "><subfield code="a">Contains a table and geometrical diagrams.</subfield></datafield><datafield tag="500" ind1=" " ind2=" "><subfield code="a">In Maghribī script.</subfield></datafield><datafield tag="500" ind1=" " ind2=" "><subfield code="a">Text rubricated; pp. [1-4] and [17-31] are same copyist as that of Mich. Isl. Ms. 793,2; pp. [5-16] are in a different [earlier?] hand.</subfield></datafield><datafield tag="500" ind1=" " ind2=" "><subfield code="a">Date based on discussion in text of Mich. Isl. Ms. 793,2.</subfield></datafield><datafield tag="500" ind1=" " ind2=" "><subfield code="a">Pp. [1-41]. Bound with: Maʻrifat al-sanah al-shamsīyah, pp. [42-56].</subfield></datafield><datafield tag="520" ind1=" " ind2=" "><subfield code="a">Pp. [1-31] are a treatise on the sine quadrant; pp. [32-41] are scraps of items in prose and verse identified in the work in hand as being by Muḥammad ibn Aḥmad ibn Ghāzī, Aḥmad al-Tūnisī, and Ḥasan al-Sharīfī.</subfield></datafield><datafield tag="538" ind1=" " ind2=" "><subfield code="a">Mode of access: Internet.</subfield></datafield><datafield tag="541" ind1=" " ind2=" "><subfield code="d">07/--/36</subfield><subfield code="3">Manuscript</subfield><subfield code="a">McGregor Fund</subfield><subfield code="c">Purchase, 1933/34</subfield><subfield code="h">25 p.t.</subfield></datafield><datafield tag="561" ind1=" " ind2=" "><subfield code="a">Purchased in Cairo, 1933/34. Owner's mark: inside flyleaf, manuscript notes in handwriting of Max Meyerhof.</subfield></datafield><datafield tag="650" ind1=" " ind2="0"><subfield code="a">Quadrants (Astronomical instruments)</subfield><subfield code="v">Early works to 1800.</subfield></datafield><datafield tag="650" ind1=" " ind2="0"><subfield code="a">Astronomical instruments</subfield><subfield code="y">Early works to 1800.</subfield></datafield><datafield tag="650" ind1=" " ind2="0"><subfield code="a">Astronomy, Arab</subfield><subfield code="y">Early works to 1800.</subfield></datafield><datafield tag="650" ind1=" " ind2="0"><subfield code="a">Manuscripts, Arabic</subfield><subfield code="z">Michigan</subfield><subfield code="z">Ann Arbor.</subfield></datafield><datafield tag="700" ind1="1" ind2="0"><subfield code="6">880-05</subfield><subfield code="a">Tūnisī, Aḥmad.</subfield></datafield><datafield tag="700" ind1="1" ind2="0"><subfield code="6">880-04</subfield><subfield code="a">Sharīfī, Ḥasan.</subfield></datafield><datafield tag="700" ind1="1" ind2="0"><subfield code="6">880-03</subfield><subfield code="a">Ibn Ghāzī, Muḥammad ibn Aḥmad,</subfield><subfield code="d">1437 or 1438-1513.</subfield></datafield><datafield tag="700" ind1="1" ind2=" "><subfield code="a">Meyerhof, Max,</subfield><subfield code="d">1874-1945,</subfield><subfield code="e">former owner.</subfield></datafield><datafield tag="773" ind1="0" ind2=" "><subfield code="7">unbc</subfield><subfield code="a">Tracy W. McGregor Collection of Arabic, Persian, and Turkish Mathematical and Astronomical Manuscripts.</subfield><subfield code="w">(CStRLIN)MIUH92-A20.</subfield></datafield><datafield tag="880" ind1="0" ind2="0"><subfield code="6">700-05/</subfield><subfield code="a">أحمد تونسي.</subfield></datafield><datafield tag="880" ind1="0" ind2="0"><subfield code="6">700-04/</subfield><subfield code="a">حسن الشريفي.</subfield></datafield><datafield tag="880" ind1="0" ind2="0"><subfield code="6">700-03/</subfield><subfield code="a">محمد بن أحمد بن غازي.</subfield></datafield><datafield tag="880" ind1="0" ind2="0"><subfield code="6">245-02/</subfield><subfield code="a">رسالة في العمل بالربع المجيب جليلة القدر :</subfield><subfield code="k">manuscript،</subfield><subfield code="f">[between 1721 and 1723?]</subfield></datafield><datafield tag="880" ind1="0" ind2="0"><subfield code="6">240-01/</subfield><subfield code="a">رسالة مشتملة على قواعد حسابية وأعمال هندسية في العمل بربع الجيوب</subfield></datafield><datafield tag="CID" ind1=" " ind2=" "><subfield code="a">002601802</subfield></datafield><datafield tag="DAT" ind1="0" ind2=" "><subfield code="a">20190719102632.0</subfield><subfield code="b">20190719000000.0</subfield></datafield><datafield tag="DAT" ind1="1" ind2=" "><subfield code="a">20190719090653.0</subfield><subfield code="b">2019-07-19T16:10:40Z</subfield></datafield><datafield tag="DAT" ind1="2" ind2=" "><subfield code="a">2015-10-10T18:00:06Z</subfield></datafield><datafield tag="CAT" ind1=" " ind2=" "><subfield code="a">SDR-MIU</subfield><subfield code="d">EX LIBRIS - ALEPH</subfield><subfield code="l">prepare.pl-004-008</subfield></datafield><datafield tag="FMT" ind1=" " ind2=" "><subfield code="a">BK</subfield></datafield><datafield tag="HOL" ind1=" " ind2=" "><subfield code="0">sdr-miu002601802</subfield><subfield code="a">MiU</subfield><subfield code="b">SDR</subfield><subfield code="c">MIU</subfield><subfield code="p">mdp.39015081447826</subfield><subfield code="s">MIU</subfield><subfield code="1">002601802</subfield></datafield><datafield tag="974" ind1=" " ind2=" "><subfield code="b">MIU</subfield><subfield code="c">MIU</subfield><subfield code="d">20190719</subfield><subfield code="s">lit-dlps-dc</subfield><subfield code="u">mdp.39015081447826</subfield><subfield code="y">1723</subfield><subfield code="r">pd</subfield><subfield code="q">bib</subfield><subfield code="t">non-US bib date2 &lt; 1879</subfield></datafield></record></collection>